<?xml version="1.0" encoding="UTF-8"?>
<collection xmlns:xsi="http://www.w3.org/2001/XMLSchema-instance" xsi:schemaLocation="http://www.loc.gov/MARC21/slim http://www.loc.gov/standards/marcxml/schema/MARC21slim.xsd" xmlns="http://www.loc.gov/MARC21/slim">
<record>
  <leader>01164cam a2200289 a 4500</leader>
  <controlfield tag="001">3058821</controlfield>
  <controlfield tag="003">NNC</controlfield>
  <controlfield tag="005">20130520200805.0</controlfield>
  <controlfield tag="008">940308s1921    ua            000 0 araod</controlfield>
  <datafield tag="035" ind1=" " ind2=" ">
    <subfield code="a">(OCoLC)ocm29926441</subfield>
  </datafield>
  <datafield tag="035" ind1=" " ind2=" ">
    <subfield code="9">ATM7413CU</subfield>
  </datafield>
  <datafield tag="035" ind1=" " ind2=" ">
    <subfield code="a">(NNC)3058821</subfield>
  </datafield>
  <datafield tag="035" ind1=" " ind2=" ">
    <subfield code="a">3058821</subfield>
  </datafield>
  <datafield tag="040" ind1=" " ind2=" ">
    <subfield code="a">OSU</subfield>
    <subfield code="c">OSU</subfield>
    <subfield code="d">ZCU</subfield>
  </datafield>
  <datafield tag="041" ind1="1" ind2=" ">
    <subfield code="a">ara</subfield>
    <subfield code="h">per</subfield>
  </datafield>
  <datafield tag="099" ind1=" " ind2=" ">
    <subfield code="a">892.8Sa1</subfield>
    <subfield code="a">P21</subfield>
  </datafield>
  <datafield tag="100" ind1="0" ind2=" ">
    <subfield code="a">Saʻdī.</subfield>
  </datafield>
  <datafield tag="240" ind1="1" ind2="0">
    <subfield code="a">Gulistān.</subfield>
    <subfield code="l">Arabic</subfield>
  </datafield>
  <datafield tag="245" ind1="1" ind2="0">
    <subfield code="a">Kitāb tarjamat al-Julistān al-Fārisī al-ʻibārah, al-mushīr ilá maḥāsin al-ādāb bi-al-ṭiff ishārah /</subfield>
    <subfield code="c">taʻrīb Jibrāʾīl ibn Yūsuf al-shahīr bi-al-Mukhallaʻ.</subfield>
  </datafield>
  <datafield tag="260" ind1=" " ind2=" ">
    <subfield code="a">Miṣr :</subfield>
    <subfield code="b">al-Maṭbaʻah al-Raḥmānīyah,</subfield>
    <subfield code="c">1921.</subfield>
  </datafield>
  <datafield tag="300" ind1=" " ind2=" ">
    <subfield code="a">223 p.</subfield>
    <subfield code="c">21 cm.</subfield>
  </datafield>
  <datafield tag="500" ind1=" " ind2=" ">
    <subfield code="a">Title on cover: Kitāb maḥāsin al-ādāb bi-al-ṭiff ishārah.</subfield>
  </datafield>
  <datafield tag="700" ind1="1" ind2=" ">
    <subfield code="a">Mukhallaʻ, Jibrāʼīl ibn Yūsuf,</subfield>
    <subfield code="d">1851-</subfield>
  </datafield>
  <datafield tag="740" ind1="0" ind2="1">
    <subfield code="a">Kitāb maḥāsin al-ādāb bi-al-ṭiff ishārah.</subfield>
  </datafield>
  <datafield tag="740" ind1="0" ind2="1">
    <subfield code="a">Maḥāsin al-ādāb bi-al-ṭiff ishārah.</subfield>
  </datafield>
  <datafield tag="740" ind1="0" ind2="1">
    <subfield code="a">Tarjamat al-Julistān al-Fārisī al-ʻibārah, al-mushīr ilá maḥāsin al-ādāb bi-al-ṭiff ishārah.</subfield>
  </datafield>
  <datafield tag="955" ind1=" " ind2=" ">
    <subfield code="b">CU10164260</subfield>
    <subfield code="d">off,glx</subfield>
    <subfield code="e">892.8Sa1 P21</subfield>
  </datafield>
</record>
</collection>